<?xml version="1.0" encoding="UTF-8" ?>
<collection xmlns:xsi="http://www.w3.org/2001/XMLSchema-instance" xsi:schemaLocation="http://www.loc.gov/MARC21/slim http://www.loc.gov/standards/marcxml/schema/MARC21slim.xsd" xmlns="http://www.loc.gov/MARC21/slim">
   <record>
      <leader>     cam a22     I  4500</leader>
      <controlfield tag="001">4515148</controlfield>
      <controlfield tag="003">COO</controlfield>
      <controlfield tag="005">20140725184921.0</controlfield>
      <controlfield tag="008">801002m19439999ua            000 0 ara  </controlfield>
      <datafield tag="010" ind1=" " ind2=" ">
         <subfield code="a">   59050957 </subfield>
      </datafield>
      <datafield tag="035" ind1=" " ind2=" ">
         <subfield code="a">(OCoLC)6781171</subfield>
      </datafield>
      <datafield tag="035" ind1=" " ind2=" ">
         <subfield code="a">4515148</subfield>
      </datafield>
      <datafield tag="040" ind1=" " ind2=" ">
         <subfield code="a">DLC</subfield>
         <subfield code="c">KUK</subfield>
         <subfield code="d">NIC</subfield>
      </datafield>
      <datafield tag="050" ind1=" " ind2=" ">
         <subfield code="a">BX132</subfield>
         <subfield code="b">.S3</subfield>
      </datafield>
      <datafield tag="100" ind1="0" ind2=" ">
         <subfield code="a">Sāwīrus ibn al-Muqaffaʻ,</subfield>
         <subfield code="c">Bishop of el-Ashmunein,</subfield>
         <subfield code="d">active 955-987.</subfield>
      </datafield>
      <datafield tag="245" ind1="1" ind2="0">
         <subfield code="a">Taʼrikh baṭārikat al-Kantsah al-Miṣrīyah,</subfield>
         <subfield code="b">al-maʻruf bi-Siyar al-Biyʻah al-Muqadisah li-Sāwīrus ibn al-Muqaffaʻ usquf al-Ashmūnayn.</subfield>
         <subfield code="c">Qāma ʻala nashrihi Yasa ʻAbd al-Masīḥ [wa] Uswald Burmastar.</subfield>
      </datafield>
      <datafield tag="260" ind1=" " ind2=" ">
         <subfield code="a">al-Qāhirah,</subfield>
         <subfield code="c">1943-</subfield>
      </datafield>
      <datafield tag="300" ind1=" " ind2=" ">
         <subfield code="a">v.</subfield>
         <subfield code="c">27 cm.</subfield>
      </datafield>
      <datafield tag="490" ind1="1" ind2=" ">
         <subfield code="a">Maṭbūʻāt Jamʻīyat al-Āthār al-Qibṭīyah, qism al-nuṣūṣ wa-al-wathāʼiq</subfield>
      </datafield>
      <datafield tag="500" ind1=" " ind2=" ">
         <subfield code="a">A continuation of the Arabic text published by C.F. Seybold under title: Historia patriarcharum Alexandrinorum, Tomus 1 (Beirut, 1904-10)</subfield>
      </datafield>
      <datafield tag="505" ind1="0" ind2=" ">
         <subfield code="a">al-Majlad al-thānī, al-juzʼ al-awwal: min al-Baṭaryark Khāyīl al-Thānī ilā al-Baṭaryark Shanūdah al-Awwal, 829-880 m. --al-Majlad al-thālith, al-juzʼ al-awwal: min al-Baṭaryark Maqārah al-Thānī ilā Baṭaryark Yuḥannā al-Ḥāmis, 1102-1167 m.</subfield>
      </datafield>
      <datafield tag="651" ind1=" " ind2="0">
         <subfield code="a">Alexandria (Egypt)</subfield>
         <subfield code="x">History.</subfield>
      </datafield>
      <datafield tag="700" ind1="1" ind2=" ">
         <subfield code="a">Yasā ʻAbd al-Masīḥ.</subfield>
      </datafield>
      <datafield tag="700" ind1="1" ind2=" ">
         <subfield code="a">Khs-Burmester, O. H. E.</subfield>
         <subfield code="q">(Oswald Hugh Ewart)</subfield>
      </datafield>
      <datafield tag="810" ind1="2" ind2=" ">
         <subfield code="a">Jamʻīyat al-Āthār al-Qibṭīyah (Egypt).</subfield>
         <subfield code="t">Maṭbūʻāt.</subfield>
         <subfield code="p">Qism al-nuṣūṣ wa-al-wathāʼiq.</subfield>
      </datafield>
      <datafield tag="948" ind1="3" ind2=" ">
         <subfield code="a">20030203</subfield>
         <subfield code="h">recon2</subfield>
         <subfield code="i">edx.mars.coo.ftp.v03m01.cc.bib</subfield>
      </datafield>
      <datafield tag="948" ind1="2" ind2=" ">
         <subfield code="a">20030203</subfield>
         <subfield code="b">x</subfield>
         <subfield code="d">batch</subfield>
         <subfield code="e">lts</subfield>
      </datafield>
      <datafield tag="903" ind1=" " ind2=" ">
         <subfield code="a">NYUACO</subfield>
         <subfield code="d">20141028</subfield>
         <subfield code="p">31924095623330</subfield>
      </datafield>
      <datafield tag="950" ind1=" " ind2=" ">
         <subfield code="a">Oversize</subfield>
         <subfield code="b">BX132 .S49 +</subfield>
         <subfield code="v">v.2:pt.2 </subfield>
      </datafield>
      <datafield tag="903" ind1=" " ind2=" ">
         <subfield code="a">NYUACO</subfield>
         <subfield code="d">20141028</subfield>
         <subfield code="p">31924095645267</subfield>
      </datafield>
      <datafield tag="950" ind1=" " ind2=" ">
         <subfield code="a">Oversize</subfield>
         <subfield code="b">BX132 .S49 +</subfield>
         <subfield code="v">v.3:pt.3 </subfield>
      </datafield>
      <datafield tag="903" ind1=" " ind2=" ">
         <subfield code="a">NYUACO</subfield>
         <subfield code="d">20141028</subfield>
         <subfield code="p">31924096448851</subfield>
      </datafield>
      <datafield tag="950" ind1=" " ind2=" ">
         <subfield code="a">Oversize</subfield>
         <subfield code="b">BX132 .S49 +</subfield>
         <subfield code="v">v.2:pt.1 </subfield>
      </datafield>
      <datafield tag="903" ind1=" " ind2=" ">
         <subfield code="a">NYUACO</subfield>
         <subfield code="d">20141028</subfield>
         <subfield code="p">31924096448869</subfield>
      </datafield>
      <datafield tag="950" ind1=" " ind2=" ">
         <subfield code="a">Oversize</subfield>
         <subfield code="b">BX132 .S49 +</subfield>
         <subfield code="v">v.3:pt.1 </subfield>
      </datafield>
      <datafield tag="903" ind1=" " ind2=" ">
         <subfield code="a">NYUACO</subfield>
         <subfield code="d">20141028</subfield>
         <subfield code="p">31924096448877</subfield>
      </datafield>
      <datafield tag="950" ind1=" " ind2=" ">
         <subfield code="a">Oversize</subfield>
         <subfield code="b">BX132 .S49 +</subfield>
         <subfield code="v">v.3:pt.2 </subfield>
      </datafield>
      <datafield tag="903" ind1=" " ind2=" ">
         <subfield code="a">NYUACO</subfield>
         <subfield code="d">20141028</subfield>
         <subfield code="p">31924096448885</subfield>
      </datafield>
      <datafield tag="950" ind1=" " ind2=" ">
         <subfield code="a">Oversize</subfield>
         <subfield code="b">BX132 .S49 +</subfield>
         <subfield code="v">v.4:pt.1 </subfield>
      </datafield>
      <datafield tag="903" ind1=" " ind2=" ">
         <subfield code="a">NYUACO</subfield>
         <subfield code="d">20141028</subfield>
         <subfield code="p">31924096448893</subfield>
      </datafield>
      <datafield tag="950" ind1=" " ind2=" ">
         <subfield code="a">Oversize</subfield>
         <subfield code="b">BX132 .S49 +</subfield>
         <subfield code="v">v.4:pt.2 </subfield>
      </datafield>
   </record>
</collection>
